@inproceedings{levenshtein1966binary,
  title     = {Binary codes capable of correcting deletions, insertions, and reversals},
  author    = {Levenshtein, Vladimir I},
  booktitle = {Soviet physics doklady},
  volume    = {10},
  number    = {8},
  pages     = {707--710},
  year      = {1966}
}

@article{self,
  title   = {Paper that I have published in the last three years},
  author  = {Name Auther},
  journal = {Journal},
  year    = {2021},
  volume  = {17},
  number  = {3},
  pages   = {1702-1711}
}